%% This BibTeX bibliography file was created using BibDesk.
%% http://bibdesk.sourceforge.net/


%% Created for Daniel Augusto Cortez at 2012-05-13 15:21:26 -0300 


%% Saved with string encoding Unicode (UTF-8) 



@article{saddoune12,
	Author = {Mohammed Saddoune and Guy Desaulniers and Issmail Elhallaoui and Fran{\c c}ois Soumis},
	Date-Added = {2012-05-13 15:18:20 -0300},
	Date-Modified = {2012-05-13 15:21:23 -0300},
	Journal = {Transportation Science},
	Number = {1},
	Pages = {39-55},
	Title = {Integrated Airline Crew Pairing and Crew Assignment by Dynamic Constraint Aggregation},
	Volume = {46},
	Year = {2012}}

@article{kohl04,
	Author = {Niklas Kohl and Stefane E. Karisch},
	Date-Added = {2012-05-13 13:20:15 -0300},
	Date-Modified = {2012-05-13 13:21:45 -0300},
	Journal = {Annals of Operations Research},
	Pages = {223-257},
	Title = {Airline Crew Rostering: Problem Types, Modeling, and Optimization},
	Volume = {127},
	Year = {2004}}

@article{souai09,
	Author = {Nadia Souai and Jacques Teghem},
	Date-Added = {2012-05-10 23:49:24 +0000},
	Date-Modified = {2012-05-10 23:51:15 +0000},
	Journal = {European Journal of Operational Research},
	Pages = {674-683},
	Title = {Genetic Algorithm Based Approach for the Integrated Airline Crew-Pairing and Rostering Problem},
	Volume = {199},
	Year = {2009}}

@article{anbil91b,
	Author = {R. Anbil and E. L. Johnson and R. Ranga},
	Date-Added = {2012-05-10 19:12:55 +0000},
	Date-Modified = {2012-05-10 19:14:58 +0000},
	Journal = {IBM System Journal},
	Pages = {71-78},
	Title = {A Global Approach to Crew Pairing Optimization},
	Volume = {31},
	Year = {1991}}

@article{anbil98,
	Author = {Ranga Anbil and John J. Forrest and William R. Pulleyblank},
	Date-Added = {2012-05-10 19:09:50 +0000},
	Date-Modified = {2012-05-10 19:12:54 +0000},
	Journal = {Documenta Mathematica},
	Pages = {677-686},
	Title = {Column Generation and the Airline Crew Pairing Problem},
	Volume = {3},
	Year = {1998}}

@article{vance97,
	Author = {P. H. Vance and C. Barnhart and E. L. Johnson and G. L. Nemhauser},
	Date-Added = {2012-05-10 19:07:28 +0000},
	Date-Modified = {2012-05-10 19:09:28 +0000},
	Journal = {Operations Research},
	Number = {2},
	Pages = {188-200},
	Title = {Airline Crew Scheduling: A New Formulation and Decomposition Algorithm},
	Volume = {45},
	Year = {1997}}

@article{graves93,
	Author = {G. W. Graves and R. D. McBride and I. Gershkoff and D. Anderson and D. Mahidhara},
	Date-Added = {2012-05-10 19:04:28 +0000},
	Date-Modified = {2012-05-10 19:07:07 +0000},
	Journal = {Management Science},
	Number = {6},
	Pages = {736-745},
	Title = {Flight Crew Scheduling},
	Volume = {39},
	Year = {1993}}

@article{gershkoff89,
	Author = {I. Gershkoff},
	Date-Added = {2012-05-10 18:57:14 +0000},
	Date-Modified = {2012-05-10 19:02:28 +0000},
	Journal = {Interfaces},
	Number = {4},
	Pages = {24-43},
	Title = {Optimizing Flight Crew Schedules},
	Volume = {19},
	Year = {1989}}

@article{gopalakrishnan05,
	Author = {Balaji Gopalakrishnan and Ellis L. Johnson},
	Date-Added = {2012-05-10 17:44:46 +0000},
	Date-Modified = {2012-05-10 17:46:45 +0000},
	Journal = {Annals of Operations Research},
	Pages = {305-337},
	Title = {Airline Crew Scheduling: State-of-the-Art},
	Volume = {140},
	Year = {2005}}

@article{arabeyre69,
	Author = {J. P. Arabeyre and J. Fearnley and F. C. Steiger and W. Teather},
	Date-Added = {2012-05-06 11:39:47 -0300},
	Date-Modified = {2012-05-06 11:42:37 -0300},
	Journal = {Transportation Science},
	Pages = {140-163},
	Rating = {2},
	Read = {1},
	Title = {The AIrline Crew Scheduling Problem: A Survey},
	Volume = {3},
	Year = {1969}}

@article{anbil91a,
	Author = {Ranga Anbil and Eric Gelman and Bruce Patty and Rajan Tanga},
	Date-Added = {2012-05-06 09:56:20 -0300},
	Date-Modified = {2012-05-10 19:15:04 +0000},
	Journal = {Interfaces},
	Number = {1},
	Pages = {62-74},
	Rating = {3},
	Read = {1},
	Title = {Recent Advances in Crew-Pairing Optimization at American Airlines},
	Volume = {21},
	Year = {1991}}

@proceedings{yu,
	Date-Added = {2012-05-06 09:32:13 -0300},
	Date-Modified = {2012-05-06 09:38:34 -0300},
	Editor = {Gang Yu},
	Publisher = {Kluwer Academic Publishers},
	Title = {Operations Research in the Airline Industry},
	Year = {1998}}

@inbook{barnhart03,
	Address = {Norwell, MA},
	Author = {Cynthia Barnhart and Amy M. Cohn and Ellis L. Johnson and Diego Klabjan and George L. Nemhauser and Pamela H. Vance},
	Booktitle = {Handbook of Transportation Science},
	Chapter = {14},
	Date-Added = {2012-04-23 20:58:53 -0300},
	Date-Modified = {2012-05-06 11:42:56 -0300},
	Edition = {2},
	Editor = {Randolph W. Hall},
	Pages = {517-560},
	Publisher = {Kluwer Academic Publishers},
	Rating = {5},
	Read = {1},
	Title = {Airline Crew Scheduling},
	Year = {2003}}
