%% This BibTeX bibliography file was created using BibDesk.
%% http://bibdesk.sourceforge.net/


%% Created for Daniel Augusto Cortez at 2012-11-29 18:54:29 -0200 


%% Saved with string encoding Unicode (UTF-8) 



@article{dantzig60,
	Author = {George B. Dantzig and Philip Wolfe},
	Date-Added = {2012-11-29 18:40:52 -0200},
	Date-Modified = {2012-11-29 18:42:10 -0200},
	Journal = {Operations Research},
	Pages = {101-111},
	Title = {Decomposition Principle for Linear Programs},
	Volume = {8},
	Year = {1960}}

@article{feo95,
	Author = {T. A. Feo and M. G. C. Resende},
	Date-Added = {2012-11-29 18:37:41 -0200},
	Date-Modified = {2012-11-29 18:38:35 -0200},
	Journal = {J. of Global Optimization},
	Number = {109-133},
	Title = {Greedy randomized adaptive search procedures},
	Volume = {6},
	Year = {1995}}

@article{feo89,
	Author = {T. A. Feo and M. G. C. Resende},
	Date-Added = {2012-11-29 18:35:47 -0200},
	Date-Modified = {2012-11-29 18:37:17 -0200},
	Journal = {Operations Research Letters},
	Pages = {67-71},
	Title = {A probabilistic heuristic for a computationally difficult set covering problem},
	Volume = {8},
	Year = {1989}}

@book{goldberg89,
	Author = {David E Goldberg},
	Date-Added = {2012-11-29 18:33:22 -0200},
	Date-Modified = {2012-11-29 18:34:25 -0200},
	Publisher = {Kluwer Academic Publishers},
	Title = {Genetic Algorithms in Search, Optimization and Machine Learning},
	Year = {1989}}

@book{holland75,
	Author = {John Holland},
	Date-Added = {2012-11-29 18:31:54 -0200},
	Date-Modified = {2012-11-29 18:33:07 -0200},
	Publisher = {University of Michigan Press},
	Title = {Adaptation in Natural and Artificial Systems},
	Year = {1975}}

@article{beasley96,
	Author = {J. E. Beasley and P. C. Chu},
	Date-Added = {2012-11-29 18:23:33 -0200},
	Date-Modified = {2012-11-29 18:25:38 -0200},
	Journal = {European Journal of Operational Research},
	Number = {2},
	Pages = {392-404},
	Title = {A Genetic Algorithm for the Set Covering Problem},
	Volume = {94},
	Year = {1996}}

@article{kornilakis02,
	Author = {H. Kornilakis and P. Stamatopoulos},
	Date-Added = {2012-11-29 18:21:26 -0200},
	Date-Modified = {2012-11-29 18:22:33 -0200},
	Journal = {Lecture Notes in Computer Science},
	Pages = {109-120},
	Title = {Crew Pairing Optimization with Genetic Algorithms},
	Volume = {2308},
	Year = {2002}}

@book{garey79,
	Author = {M. R. Garey and D. S. Johnson},
	Date-Added = {2012-11-28 20:00:46 +0000},
	Date-Modified = {2012-11-28 20:02:47 +0000},
	Publisher = {W. H. Freeman},
	Title = {Computers and Intractability: A Guide to the Theory of NP-Completeness},
	Year = {1979}}

@article{saddoune12,
	Author = {Mohammed Saddoune and Guy Desaulniers and Issmail Elhallaoui and Fran{\c c}ois Soumis},
	Date-Added = {2012-05-13 15:18:20 -0300},
	Date-Modified = {2012-05-13 15:21:23 -0300},
	Journal = {Transportation Science},
	Number = {1},
	Pages = {39-55},
	Title = {Integrated Airline Crew Pairing and Crew Assignment by Dynamic Constraint Aggregation},
	Volume = {46},
	Year = {2012}}

@article{kohl04,
	Author = {Niklas Kohl and Stefane E. Karisch},
	Date-Added = {2012-05-13 13:20:15 -0300},
	Date-Modified = {2012-05-13 13:21:45 -0300},
	Journal = {Annals of Operations Research},
	Pages = {223-257},
	Title = {Airline Crew Rostering: Problem Types, Modeling, and Optimization},
	Volume = {127},
	Year = {2004}}

@article{souai09,
	Author = {Nadia Souai and Jacques Teghem},
	Date-Added = {2012-05-10 23:49:24 +0000},
	Date-Modified = {2012-05-10 23:51:15 +0000},
	Journal = {European Journal of Operational Research},
	Pages = {674-683},
	Title = {Genetic Algorithm Based Approach for the Integrated Airline Crew-Pairing and Rostering Problem},
	Volume = {199},
	Year = {2009}}

@article{anbil91b,
	Author = {R. Anbil and E. L. Johnson and R. Ranga},
	Date-Added = {2012-05-10 19:12:55 +0000},
	Date-Modified = {2012-05-10 19:14:58 +0000},
	Journal = {IBM System Journal},
	Pages = {71-78},
	Title = {A Global Approach to Crew Pairing Optimization},
	Volume = {31},
	Year = {1991}}

@article{anbil98,
	Author = {Ranga Anbil and John J. Forrest and William R. Pulleyblank},
	Date-Added = {2012-05-10 19:09:50 +0000},
	Date-Modified = {2012-05-10 19:12:54 +0000},
	Journal = {Documenta Mathematica},
	Pages = {677-686},
	Title = {Column Generation and the Airline Crew Pairing Problem},
	Volume = {3},
	Year = {1998}}

@article{vance97,
	Author = {P. H. Vance and C. Barnhart and E. L. Johnson and G. L. Nemhauser},
	Date-Added = {2012-05-10 19:07:28 +0000},
	Date-Modified = {2012-05-10 19:09:28 +0000},
	Journal = {Operations Research},
	Number = {2},
	Pages = {188-200},
	Title = {Airline Crew Scheduling: A New Formulation and Decomposition Algorithm},
	Volume = {45},
	Year = {1997}}

@article{graves93,
	Author = {G. W. Graves and R. D. McBride and I. Gershkoff and D. Anderson and D. Mahidhara},
	Date-Added = {2012-05-10 19:04:28 +0000},
	Date-Modified = {2012-05-10 19:07:07 +0000},
	Journal = {Management Science},
	Number = {6},
	Pages = {736-745},
	Title = {Flight Crew Scheduling},
	Volume = {39},
	Year = {1993}}

@article{gershkoff89,
	Author = {I. Gershkoff},
	Date-Added = {2012-05-10 18:57:14 +0000},
	Date-Modified = {2012-05-10 19:02:28 +0000},
	Journal = {Interfaces},
	Number = {4},
	Pages = {24-43},
	Title = {Optimizing Flight Crew Schedules},
	Volume = {19},
	Year = {1989}}

@article{gopalakrishnan05,
	Author = {Balaji Gopalakrishnan and Ellis L. Johnson},
	Date-Added = {2012-05-10 17:44:46 +0000},
	Date-Modified = {2012-05-10 17:46:45 +0000},
	Journal = {Annals of Operations Research},
	Pages = {305-337},
	Title = {Airline Crew Scheduling: State-of-the-Art},
	Volume = {140},
	Year = {2005}}

@article{arabeyre69,
	Author = {J. P. Arabeyre and J. Fearnley and F. C. Steiger and W. Teather},
	Date-Added = {2012-05-06 11:39:47 -0300},
	Date-Modified = {2012-05-06 11:42:37 -0300},
	Journal = {Transportation Science},
	Pages = {140-163},
	Rating = {2},
	Read = {1},
	Title = {The Airline Crew Scheduling Problem: A Survey},
	Volume = {3},
	Year = {1969}}

@article{anbil91a,
	Author = {Ranga Anbil and Eric Gelman and Bruce Patty and Rajan Tanga},
	Date-Added = {2012-05-06 09:56:20 -0300},
	Date-Modified = {2012-05-10 19:15:04 +0000},
	Journal = {Interfaces},
	Number = {1},
	Pages = {62-74},
	Rating = {3},
	Read = {1},
	Title = {Recent Advances in Crew-Pairing Optimization at American Airlines},
	Volume = {21},
	Year = {1991}}

@proceedings{yu,
	Date-Added = {2012-05-06 09:32:13 -0300},
	Date-Modified = {2012-05-06 09:38:34 -0300},
	Editor = {Gang Yu},
	Publisher = {Kluwer Academic Publishers},
	Title = {Operations Research in the Airline Industry},
	Year = {1998}}

@inbook{barnhart03,
	Address = {Norwell, MA},
	Author = {Cynthia Barnhart and Amy M. Cohn and Ellis L. Johnson and Diego Klabjan and George L. Nemhauser and Pamela H. Vance},
	Booktitle = {Handbook of Transportation Science},
	Chapter = {14},
	Date-Added = {2012-04-23 20:58:53 -0300},
	Date-Modified = {2012-11-29 18:42:57 -0200},
	Edition = {2},
	Pages = {517-560},
	Publisher = {Kluwer Academic Publishers},
	Rating = {5},
	Read = {1},
	Title = {Airline Crew Scheduling},
	Year = {2003}}

@misc{vance97h,
	Author = {Pamela H. Vance and Alper Atamturk and Cynthia Barnhart and Eric Gelman and Ellis L. Johnson and Alamuru Krishna and Deepa Mahidhara and George L. Nemhauser and Ranjit Rebello},
	Date-Modified = {2012-11-29 18:54:29 -0200},
	Title = {A Heuristic Branch-and-Price Approach for the Airline Crew Pairing Problem},
	Year = {1997}}
